<record><leader>00000cas a22000007a 4500</leader><controlfield tag="001">36294638</controlfield><controlfield tag="008">970130d19741975okuwr n       0    0eng d</controlfield><datafield ind1=" " ind2=" " tag="010"><subfield code="a">sn 97064733 </subfield></datafield><datafield ind1=" " ind2=" " tag="040"><subfield code="a">OBN</subfield><subfield code="b">eng</subfield><subfield code="c">OBN</subfield><subfield code="d">OCLCQ</subfield><subfield code="d">OCLCF</subfield><subfield code="d">OCLCO</subfield></datafield><datafield ind1="1" ind2=" " tag="029"><subfield code="a">AU@</subfield><subfield code="b">000013092772</subfield></datafield><datafield ind1=" " ind2=" " tag="042"><subfield code="a">msc</subfield></datafield><datafield ind1=" " ind2=" " tag="043"><subfield code="a">n-us-ok</subfield></datafield><datafield ind1="0" ind2="4" tag="245"><subfield code="a">The Yukon light.</subfield></datafield><datafield ind1=" " ind2=" " tag="260"><subfield code="a">Yukon, Okla. :</subfield><subfield code="b">Review News Co.</subfield></datafield><datafield ind1=" " ind2=" " tag="300"><subfield code="a">v.</subfield></datafield><datafield ind1=" " ind2=" " tag="310"><subfield code="a">Weekly</subfield></datafield><datafield ind1="0" ind2=" " tag="362"><subfield code="a">Vol. 1, no. 1 (July 14, 1974)-v. 2, no. 8 (Sep. 26, 1975).</subfield></datafield><datafield ind1=" " ind2="0" tag="651"><subfield code="a">Yukon (Okla.)</subfield><subfield code="v">Newspapers.</subfield></datafield><datafield ind1=" " ind2="0" tag="651"><subfield code="a">Canadian County (Okla.)</subfield><subfield code="v">Newspapers.</subfield></datafield><datafield ind1=" " ind2="7" tag="655"><subfield code="a">Newspapers.</subfield><subfield code="2">fast</subfield><subfield code="0">(OCoLC)fst01423814</subfield></datafield><datafield ind1=" " ind2="7" tag="651"><subfield code="a">Oklahoma</subfield><subfield code="z">Canadian County.</subfield><subfield code="2">fast</subfield><subfield code="0">(OCoLC)fst01210513</subfield></datafield><datafield ind1=" " ind2="7" tag="651"><subfield code="a">Oklahoma</subfield><subfield code="z">Yukon.</subfield><subfield code="2">fast</subfield><subfield code="0">(OCoLC)fst01220596</subfield></datafield><datafield ind1=" " ind2=" " tag="752"><subfield code="a">United States</subfield><subfield code="b">Oklahoma</subfield><subfield code="c">Canadian</subfield><subfield code="d">Yukon.</subfield></datafield><datafield ind1="0" ind2="4" tag="785"><subfield code="t">Yukon review</subfield><subfield code="w">(DLC)sn 97064734</subfield><subfield code="w">(OCoLC)36294758</subfield></datafield></record>